@book{primer,
      title={A Primer on Mapping Class Groups (PMS-49)},
      author={Farb, B. and Margalit, D.},
      isbn={9781400839049},
      series={Princeton Mathematical Series},
      url={https://books.google.co.in/books?id=TmMrru65-XsC},
      year={2011},
      publisher={Princeton University Press}
}

@book{munkres,
  title={Topology},
  author={Munkres, J.R.},
  isbn={9780131816299},
  lccn={99052942},
  series={Featured Titles for Topology},
  url={https://books.google.co.in/books?id=XjoZAQAAIAAJ},
  year={2000},
  publisher={Prentice Hall, Incorporated}
}

@book{katok1992fuchsian,
  title={Fuchsian Groups},
  author={Katok, S.},
  isbn={9780226425832},
  lccn={lc92006535},
  series={Chicago Lectures in Mathematics},
  url={https://books.google.co.in/books?id=R7uMkmXh1AYC},
  year={1992},
  publisher={University of Chicago Press}
}

@book{casson_bleiler_1988, place={Cambridge}, series={London Mathematical Society Student Texts}, title={Automorphisms of Surfaces after Nielsen and Thurston}, DOI={10.1017/CBO9780511623912}, publisher={Cambridge University Press}, author={Casson, Andrew J. and Bleiler, Steven A.}, year={1988}, collection={London Mathematical Society Student Texts}}
